<record><leader>00000cas a22000007a 4500</leader><controlfield tag="001">20959516</controlfield><controlfield tag="008">900126d18961uuumaudr ne      0    0eng d</controlfield><datafield ind1=" " ind2=" " tag="010"><subfield code="a">sn 91066062 </subfield></datafield><datafield ind1=" " ind2=" " tag="040"><subfield code="a">NYG</subfield><subfield code="b">eng</subfield><subfield code="c">NYG</subfield><subfield code="d">OCLCQ</subfield></datafield><datafield ind1=" " ind2=" " tag="042"><subfield code="a">msc</subfield></datafield><datafield ind1="0" ind2=" " tag="130"><subfield code="a">Morning call (Pittsfield, Mass.)</subfield></datafield><datafield ind1="1" ind2="4" tag="245"><subfield code="a">The morning call.</subfield></datafield><datafield ind1=" " ind2=" " tag="260"><subfield code="a">Pittsfield, Mass. :</subfield><subfield code="b">William J. Oatman,</subfield><subfield code="c">1896-</subfield></datafield><datafield ind1=" " ind2=" " tag="300"><subfield code="a">v.</subfield></datafield><datafield ind1=" " ind2=" " tag="310"><subfield code="a">Daily</subfield></datafield><datafield ind1="0" ind2=" " tag="362"><subfield code="a">Vol. 1, no. 1 (Feb. 17, 1896)-</subfield></datafield><datafield ind1=" " ind2=" " tag="752"><subfield code="a">United States</subfield><subfield code="b">Massachusetts</subfield><subfield code="c">Berkshire</subfield><subfield code="d">Pittsfield.</subfield></datafield></record>